%% This BibTeX bibliography file was created using BibDesk.
%% https://bibdesk.sourceforge.io/

%% Created for 郭立晨 at 2023-09-25 11:20:18 +0800 


%% Saved with string encoding Unicode (UTF-8) 


@string{aaai = {AAAI}}

@string{accv = {ACCV}}

@string{acmmm = {ACM MM}}

@string{bmvc = {BMVC}}

@string{cgf = {Comput. Graph. Forum}}

@string{csvt = {IEEE TCSVT}}

@string{cvm = {Computational Visual Media}}

@string{cvpr = {CVPR}}

@string{cvprw = {CVPRW}}

@string{eccv = {ECCV}}

@string{icassp = {ICASSP}}

@string{iccv = {ICCV}}

@string{icip = {ICIP}}

@string{iclr = {ICLR}}

@string{icme = {ICME}}

@string{icpr = {ICPR}}

@string{ijcai = {IJCAI}}

@string{ijcv = {IJCV}}

@string{jcst = {J. Comput. Sci. Tech.}}

@string{jov = {J. Vis.}}

@string{nips = {NeurIPS}}

@string{pami = {IEEE TPAMI}}

@string{pr = {PR}}

@string{spl = {IEEE Sign. Process. Letters}}

@string{tcsvt = {IEEE TCSVT}}

@string{tip = {IEEE TIP}}

@string{tmm = {IEEE TMM}}

@string{tog = {ACM TOG}}

@string{tvc = {The Vis. Comput.}}

@string{tvcg = {IEEE TVCG}}

@string{vr = {Vis. Res.}}


@article{2019arXiv190605409M,
	adsnote = {Provided by the SAO/NASA Astrophysics Data System},
	adsurl = {https://ui.adsabs.harvard.edu/abs/2019arXiv190605409M},
	archiveprefix = {arXiv},
	author = {{Moosavi}, Sobhan and {Samavatian}, Mohammad Hossein and {Parthasarathy}, Srinivasan and {Ramnath}, Rajiv},
	date-added = {2023-09-25 11:20:08 +0800},
	date-modified = {2023-09-25 11:20:08 +0800},
	doi = {10.48550/arXiv.1906.05409},
	eid = {arXiv:1906.05409},
	eprint = {1906.05409},
	journal = {arXiv e-prints},
	keywords = {Computer Science - Databases, Computer Science - Computers and Society},
	month = jun,
	pages = {arXiv:1906.05409},
	primaryclass = {cs.DB},
	title = {{A Countrywide Traffic Accident Dataset}},
	year = 2019,
	bdsk-url-1 = {https://doi.org/10.48550/arXiv.1906.05409}}

@article{2019arXiv190909638M,
	adsnote = {Provided by the SAO/NASA Astrophysics Data System},
	adsurl = {https://ui.adsabs.harvard.edu/abs/2019arXiv190909638M},
	archiveprefix = {arXiv},
	author = {{Moosavi}, Sobhan and {Samavatian}, Mohammad Hossein and {Parthasarathy}, Srinivasan and {Teodorescu}, Radu and {Ramnath}, Rajiv},
	date-added = {2023-09-25 11:19:41 +0800},
	date-modified = {2023-09-25 11:19:41 +0800},
	doi = {10.48550/arXiv.1909.09638},
	eid = {arXiv:1909.09638},
	eprint = {1909.09638},
	journal = {arXiv e-prints},
	keywords = {Computer Science - Machine Learning, Computer Science - Databases, Statistics - Machine Learning},
	month = sep,
	pages = {arXiv:1909.09638},
	primaryclass = {cs.LG},
	title = {{Accident Risk Prediction based on Heterogeneous Sparse Data: New Dataset and Insights}},
	year = 2019,
	bdsk-url-1 = {https://doi.org/10.48550/arXiv.1909.09638}}
